@misc{gec,
  key={The Great Elephant Census},
  title = {{T}he {G}reat {E}lephant {C}ensus:  {P}roject {D}escription},
  howpublished = {\url{http://www.greatelephantcensus.com/the-census/}},
  year = 2014,
  note = {Accessed: 2015-10-07}
}
@misc{mike,
  title = {{A}erial {S}urvey {S}tandards for the {MIKE} {P}rogramme. {V}ersion 2.0.},
  howpublished = {\url{https://www.cites.org/common/prog/mike/survey/aerial_standards.pdf}},
  author = {Craig, G. C.},
  year = 2012,
  note = {Accessed: 2015-10-07}
}
